@article{tiririca2009dia,
  title={O que acaba com o meu dia},
  author={Tiririca},
  journal={Congress World},
  year={2009},
  url={https://goo.gl/WCmikc},
  urlaccessdate={06 de Outubro de 2015}
}

@book{rousseff2015mandioca,
  title={Estou saudando a mandioca},
  author={Rousseff, D.},
  isbn={171171171171},
  lccn={72484452},
  series={Como não presidir um país},
  year={2015},
  publisher={Presidential Press}
}

