@Article{holub,
	title="Why getter and setter methods are evil",
	author="A. Holub",
	journal="JavaWorld",
	year="2013",
	url="www.javaworld.com/article/2073723/core-java/why-getter-and-setter-methods-are-evil.html",
	urlaccessdate="09 de Fevereiro de 2015"
}
